<?xml version="1.0" encoding="UTF-8"?><collection xmlns="http://www.loc.gov/MARC21/slim"><record><leader>00686nam--2200181-u-4500</leader><controlfield tag="001">000052705</controlfield><controlfield tag="002">20161230</controlfield><controlfield tag="005">20161230201050</controlfield><controlfield tag="008">101004s1000------------r-----000-0-eng-d</controlfield><datafield ind1=" " ind2=" " tag="040"><subfield code="a">IFIN-HH</subfield></datafield><datafield ind1=" " ind2=" " tag="080"><subfield code="a">533.9(061.3)</subfield></datafield><datafield ind1="1" ind2=" " tag="110"><subfield code="a">International Atomic Energy Agency</subfield></datafield><datafield ind1="1" ind2="0" tag="245"><subfield code="a">Plasma Physics and Controlled Nuclear Fussion Research 1990</subfield><subfield code="b">Proccedings of the Thirteenth International Conference on Plasma Physics and Controlled Atomic Energy Agency in Washington, D.C., 1-6 October 1990. Nuclear Fusion Supplement 1991</subfield></datafield><datafield ind1=" " ind2=" " tag="260"><subfield code="a">Vienna</subfield><subfield code="b">International Atomic Energy Agency</subfield><subfield code="c">1991</subfield></datafield><datafield ind1=" " ind2=" " tag="300"><subfield code="a">865 p</subfield></datafield><datafield ind1="0" ind2=" " tag="787"><subfield code="a">Vol. 1</subfield></datafield><datafield ind1=" " ind2=" " tag="852"><subfield code="a">79513</subfield><subfield code="c">533.9</subfield></datafield><datafield ind1=" " ind2=" " tag="CAT"><subfield code="a">Sys</subfield><subfield code="c">20101004</subfield><subfield code="h">084200</subfield></datafield></record></collection>